@Article{anderson2010,
  title = {Data QC in genetic case-control association studies.},
  author = {Anderson C.A., et al.},
  publisher = {Nat Protoc},
  year = {2010},
  url = {https://www.ncbi.nlm.nih.gov/pubmed/21085122},
}
@Article{hemani2018,
  title = {Evaluating the potential role of pleiotropy in Mendelian randomization studies},
  author = {Hemani G., et al.},
  publisher = {Hum Mol Genet},
  year = {2018},
  url = {https://www.ncbi.nlm.nih.gov/pmc/articles/PMC6061876},
}
@Article{isc2009,
  title = {Common polygenic variation contributes to risk of schizophrenia and bipolar disorder},
  author = {The International Schizophrenia Consortium.},
  publisher = {Nature},
  year = {2009},
  url = {https://doi.org/10.1038/nature08185},
}
@Article{laurie2010,
  title = {Quality control and quality assurance in genotypic data for genome-wide association studies.},
  author = {Laurie C.C., et al.},
  publisher = {Genet Epidemiol},
  year = {2010},
  url = {https://www.ncbi.nlm.nih.gov/pubmed/20718045},
}
@Article{purcell2007,
  title = {PLINK, a tool set for whole-genome association and population-based linkage analyses.},
  author = {Purcell S., et al.},
  publisher = {Am J Hum Genet},
  year = {2007},
  url = {https://www.ncbi.nlm.nih.gov/pubmed/17701901},
}
@Article{turner2018,
  title = {qqman, an R package for visualizing GWAS results using Q-Q and manhattan plots.},
  author = {Turner S.},
  publisher = {Journal of Open Source Software},
  year = {2010},
  url = {https://doi.org/10.21105/joss.00731},
}
@Article{vanderlaan2016,
  title = {Cystatin C and Cardiovascular Disease, A Mendelian Randomization Study},
  author = {van der Laan S.W., et al.},
  publisher = {J Am Coll Cardiol},
  year = {2016},
  url = {https://doi.org/10.1016/j.jacc.2016.05.092},
}
@Article{vansetten2015,
  title = {Serum lipid levels, body mass index, and their role in coronary artery calcification: a polygenic analysis},
  author = {van Setten J., et al.},
  publisher = {Circulation Cardiovascular Genetics},
  year = {2015},
  url = {https://doi.org/10.1161/CIRCGENETICS.114.000496},
}
@Book{xie2015,
  title = {Dynamic Documents with {R} and knitr},
  author = {Yihui Xie},
  publisher = {Chapman and Hall/CRC},
  address = {Boca Raton, Florida},
  year = {2015},
  edition = {2nd},
  note = {ISBN 978-1498716963},
  url = {http://yihui.name/knitr/},
}
